% Encoding: UTF-8

@Article{Bernstein1983,
  author    = {Philip A. Bernstein and Nathan Goodman},
  title     = {Multiversion concurrency control---theory and algorithms},
  journal   = {{ACM} Transactions on Database Systems},
  year      = {1983},
  volume    = {8},
  number    = {4},
  pages     = {465--483},
  month     = {dec},
  doi       = {10.1145/319996.319998},
  publisher = {Association for Computing Machinery ({ACM})},
}

@Article{Bernstein1981,
  author    = {Philip A. Bernstein and Nathan Goodman},
  title     = {{Concurrency Control in Distributed Database Systems}},
  journal   = {{ACM} Computing Surveys},
  year      = {1981},
  volume    = {13},
  number    = {2},
  pages     = {185--221},
  month     = {jun},
  doi       = {10.1145/356842.356846},
  publisher = {Association for Computing Machinery ({ACM})},
}

@book{gray1992transaction,
	title={Transaction processing: concepts and techniques},
	author={Gray, Jim and Reuter, Andreas},
	year={1992},
	publisher={Elsevier}
}

@inproceedings{adya2000generalized,
	title={Generalized isolation level definitions},
	author={Adya, Atul and Liskov, Barbara and O'Neil, Patrick},
	booktitle={Proceedings of 16th International Conference on Data Engineering (Cat. No. 00CB37073)},
	pages={67--78},
	year={2000},
	organization={IEEE}
}

@inproceedings{lin1983basic,
	title={Basic Timestamp, Multiple Version Timestamp, and Two-Phase Locking.},
	author={Lin, Wen-Te K and Nolte, Jerry},
	booktitle={VLDB},
	volume={83},
	pages={109--119},
	year={1983}
}

@article{garcia1992main,
	title={Main memory database systems: An overview},
	author={Garcia-Molina, Hector and Salem, Kenneth},
	journal={IEEE Transactions on Knowledge \& Data Engineering},
	number={6},
	pages={509--516},
	year={1992},
	publisher={IEEE}
}

@inproceedings{berenson1995critique,
	title={A critique of ANSI SQL isolation levels},
	author={Berenson, Hal and Bernstein, Phil and Gray, Jim and Melton, Jim and O'Neil, Elizabeth and O'Neil, Patrick},
	booktitle={ACM SIGMOD Record},
	volume={24},
	number={2},
	pages={1--10},
	year={1995},
	organization={ACM}
}

@article{yuan2016bcc,
	title={BCC: reducing false aborts in optimistic concurrency control with low cost for in-memory databases},
	author={Yuan, Yuan and Wang, Kaibo and Lee, Rubao and Ding, Xiaoning and Xing, Jing and Blanas, Spyros and Zhang, Xiaodong},
	journal={Proceedings of the VLDB Endowment},
	volume={9},
	number={6},
	pages={504--515},
	year={2016},
	publisher={VLDB Endowment}
}

@article{larson2011high,
	title={High-performance concurrency control mechanisms for main-memory databases},
	author={Larson, Per-{\AA}ke and Blanas, Spyros and Diaconu, Cristian and Freedman, Craig and Patel, Jignesh M and Zwilling, Mike},
	journal={Proceedings of the VLDB Endowment},
	volume={5},
	number={4},
	pages={298--309},
	year={2011},
	publisher={VLDB Endowment}
}

@inproceedings{neumann2015fast,
	title={Fast serializable multi-version concurrency control for main-memory database systems},
	author={Neumann, Thomas and M{\"u}hlbauer, Tobias and Kemper, Alfons},
	booktitle={Proceedings of the 2015 ACM SIGMOD International Conference on Management of Data},
	pages={677--689},
	year={2015},
	organization={ACM}
}

@inproceedings{yu2016tictoc,
	title={Tictoc: Time traveling optimistic concurrency control},
	author={Yu, Xiangyao and Pavlo, Andrew and Sanchez, Daniel and Devadas, Srinivas},
	booktitle={Proceedings of the 2016 International Conference on Management of Data},
	pages={1629--1642},
	year={2016},
	organization={ACM}
}

@article{li1987performance,
	title={Performance models of timestamp-ordering concurrency control algorithms in distributed databases},
	author={Li, Victor OK},
	journal={IEEE Transactions on Computers},
	volume={100},
	number={9},
	pages={1041--1051},
	year={1987},
	publisher={IEEE}
}

@article{wu2017empirical,
	title={An empirical evaluation of in-memory multi-version concurrency control},
	author={Wu, Yingjun and Arulraj, Joy and Lin, Jiexi and Xian, Ran and Pavlo, Andrew},
	journal={Proceedings of the VLDB Endowment},
	volume={10},
	number={7},
	pages={781--792},
	year={2017},
	publisher={VLDB Endowment}
}

@inproceedings{bernstein1980timestamp,
	title={Timestamp-based algorithms for concurrency control in distributed database systems},
	author={Bernstein, Philip A and Goodman, Nathan},
	booktitle={Proceedings of the sixth international conference on Very Large Data Bases-Volume 6},
	pages={285--300},
	year={1980},
	organization={VLDB Endowment}
}

@article{corbett2013spanner,
	title={Spanner: Googleâ€™s globally distributed database},
	author={Corbett, James C and Dean, Jeffrey and Epstein, Michael and Fikes, Andrew and Frost, Christopher and Furman, Jeffrey John and Ghemawat, Sanjay and Gubarev, Andrey and Heiser, Christopher and Hochschild, Peter and others},
	journal={ACM Transactions on Computer Systems (TOCS)},
	volume={31},
	number={3},
	pages={8},
	year={2013},
	publisher={ACM}
}

@article{harding2017evaluation,
	title={An evaluation of distributed concurrency control},
	author={Harding, Rachael and Van Aken, Dana and Pavlo, Andrew and Stonebraker, Michael},
	journal={Proceedings of the VLDB Endowment},
	volume={10},
	number={5},
	pages={553--564},
	year={2017},
	publisher={VLDB Endowment}
}

@phdthesis{reed1978naming,
	title={Naming and synchronization in a decentralized computer system.},
	author={Reed, David Patrick},
	year={1978},
	school={Massachusetts Institute of Technology}
}

@inproceedings{xia2011silo,
	title={SiLo: A Similarity-Locality based Near-Exact Deduplication Scheme with Low RAM Overhead and High Throughput.},
	author={Xia, Wen and Jiang, Hong and Feng, Dan and Hua, Yu},
	booktitle={USENIX annual technical conference},
	pages={26--30},
	year={2011}
}

@inproceedings{diaconu2013hekaton,
	title={Hekaton: SQL server's memory-optimized OLTP engine},
	author={Diaconu, Cristian and Freedman, Craig and Ismert, Erik and Larson, Per-Ake and Mittal, Pravin and Stonecipher, Ryan and Verma, Nitin and Zwilling, Mike},
	booktitle={Proceedings of the 2013 ACM SIGMOD International Conference on Management of Data},
	pages={1243--1254},
	year={2013},
	organization={ACM}
}

@Comment{jabref-meta: databaseType:bibtex;}
